<record><leader>00000cas a2200000 a 4500</leader><controlfield tag="001">17336603</controlfield><controlfield tag="008">880112d19671974wauwr ne      0    0eng d</controlfield><datafield ind1=" " ind2=" " tag="010"><subfield code="a">sn 88085140 </subfield></datafield><datafield ind1=" " ind2=" " tag="040"><subfield code="a">SLZ</subfield><subfield code="b">eng</subfield><subfield code="c">SLZ</subfield><subfield code="d">OCL</subfield><subfield code="d">OCLCQ</subfield><subfield code="d">OCLCF</subfield><subfield code="d">OCLCO</subfield></datafield><datafield ind1="1" ind2=" " tag="029"><subfield code="a">AU@</subfield><subfield code="b">000025810936</subfield></datafield><datafield ind1=" " ind2=" " tag="042"><subfield code="a">msc</subfield></datafield><datafield ind1=" " ind2=" " tag="043"><subfield code="a">n-us-wa</subfield></datafield><datafield ind1="0" ind2="0" tag="245"><subfield code="a">Pierce County herald and Puyallup Valley tribune.</subfield></datafield><datafield ind1=" " ind2=" " tag="260"><subfield code="a">[Puyallup, Wash. :</subfield><subfield code="b">F. Franich, J. VanDevanter, W. Tupper]</subfield></datafield><datafield ind1=" " ind2=" " tag="300"><subfield code="a">8 v.</subfield></datafield><datafield ind1=" " ind2=" " tag="310"><subfield code="a">Weekly</subfield></datafield><datafield ind1="0" ind2=" " tag="362"><subfield code="a">Vol. 65, no. 6 (Feb. 8, 1967)-v. 72, no. 51 (Dec. 18, 1974).</subfield></datafield><datafield ind1=" " ind2="0" tag="651"><subfield code="a">Puyallup (Wash.)</subfield><subfield code="v">Newspapers.</subfield></datafield><datafield ind1=" " ind2="7" tag="655"><subfield code="a">Newspapers.</subfield><subfield code="2">fast</subfield><subfield code="0">(OCoLC)fst01423814</subfield></datafield><datafield ind1=" " ind2="7" tag="651"><subfield code="a">Washington (State)</subfield><subfield code="z">Puyallup.</subfield><subfield code="2">fast</subfield><subfield code="0">(OCoLC)fst01222707</subfield></datafield><datafield ind1=" " ind2=" " tag="752"><subfield code="a">United States</subfield><subfield code="b">Washington</subfield><subfield code="c">Pierce</subfield><subfield code="d">Puyallup.</subfield></datafield><datafield ind1="0" ind2="4" tag="780"><subfield code="t">Pierce County herald</subfield></datafield><datafield ind1="0" ind2="4" tag="780"><subfield code="t">Puyallup Valley tribune</subfield><subfield code="w">(DLC)sn 88085141</subfield></datafield><datafield ind1="0" ind2="0" tag="785"><subfield code="t">Pierce County herald (Puyallup, Wash. : 1974)</subfield><subfield code="w">(DLC)sn 79003899</subfield></datafield></record>